<record><leader>00000cas a22000007a 4500</leader><controlfield tag="001">13461458</controlfield><controlfield tag="008">860421d18411843pauwr ne      0    0eng d</controlfield><datafield ind1=" " ind2=" " tag="010"><subfield code="a">sn 86081650 </subfield></datafield><datafield ind1=" " ind2=" " tag="040"><subfield code="a">NPH</subfield><subfield code="b">eng</subfield><subfield code="c">NPH</subfield><subfield code="d">OCLCQ</subfield></datafield><datafield ind1=" " ind2=" " tag="042"><subfield code="a">msc</subfield></datafield><datafield ind1="0" ind2="4" tag="245"><subfield code="a">The Democrat, and farmers' and mechanics' advocate.</subfield></datafield><datafield ind1="1" ind2="3" tag="246"><subfield code="a">Hanover democrat and farmers' and mechanics' advocate</subfield><subfield code="f">v. 1, no. 45 (Aug. 19, 1842)-v. 1, no. 52 (Oct. 7, 1842)</subfield></datafield><datafield ind1="1" ind2="3" tag="246"><subfield code="a">Hanover democrat</subfield></datafield><datafield ind1="3" ind2="0" tag="246"><subfield code="a">Democrat</subfield></datafield><datafield ind1=" " ind2=" " tag="260"><subfield code="a">Hanover, Pa. :</subfield><subfield code="b">J.S. Gitt,</subfield><subfield code="c">1841-1843.</subfield></datafield><datafield ind1=" " ind2=" " tag="300"><subfield code="a">v.</subfield></datafield><datafield ind1=" " ind2=" " tag="310"><subfield code="a">Weekly</subfield></datafield><datafield ind1="0" ind2=" " tag="362"><subfield code="a">Vol. 1, no. 1 (Oct. 12, 1841)-v. 2, no. 52 (Oct. 13, 1843).</subfield></datafield><datafield ind1=" " ind2=" " tag="752"><subfield code="a">United States</subfield><subfield code="b">Pennsylvania</subfield><subfield code="c">York</subfield><subfield code="d">Hanover.</subfield></datafield></record>